% ----------------------------------------------------------------------------
% Citation database
% ----------------------------------------------------------------------------

@STRING{ASPDAC = "Proceedings of the Asia and South Pacific Design Automation Conference (ASPDAC)"}
@STRING{DAC = "Proceedings of the Design Automation Conference (DAC)"}
@STRING{DATE = "Proceedings of the Design, Automation and Test in Europe (DATE) Conference"}
@STRING{CODES = "Proceedings of the International Symposium on Hardware-Software Codesign (CODES)"}
@STRING{EDAC = "Proceedings of the European Design Automation Conference (Euro-DAC)"}
@STRING{EDTC = "Proceedings of the European Design and Test Conference"}
@STRING{ICCD = "Proceedings of the International Conference on Computer Design (ICCD)"}
@STRING{ICCAD = "Proceedings of the International Conference on Computer Aided Design (ICCAD)"}
@STRING{ISSS = "Proceedings of the International Symposium on System Synthesis"}
@STRING{SASIMI = "Proceedings of the Workshop of Synthesis and System Integration of Mixed Information Technologies"}
@STRING{ESC = "Proceedings of the Embedded System Conference (ESC)"}
@STRING{TCAD = "IEEE Transactions on Computer-Aided Design of Intergrated Circuits and Systems (TCAD)"}
@STRING{TCOMP = "IEEE Transactions on Computers"}
@STRING{TSP = "IEEE Transactions on Signal Processing"}
@STRING{TVLSI = "IEEE Transactions on VLSI Systems"}
@STRING{TPDS = "IEEE Transactions on Parallel and Distributed Systems"}
@STRING{D&T = "IEEE Design and Test of Computers"}
@STRING{JACM = "Journal of the ACM"}
@STRING{TODAES = "ACM Transactions on Design Automation of Electronic Systems"}
@STRING{Kluwer = "Kluwer Academic Publishers"}
@STRING{Prentice = "Prentice Hall"}

@STRING{ICS = "Information and Computer Science"}
@STRING{UCI = "University of California, Irvine"}
@STRING{CECS = "Center for Embedded Computer Systems"}




% --- Books ---

% Applications

% Design languages and methodologies

@BOOK{book:SpecC:yellow,
   AUTHOR = "Andreas Gerstlauer and Rainer D{\"o}mer and Junyu Peng and
             Daniel D. Gajski",
   TITLE = "System Design: A Practical Guide with {SpecC}",
   PUBLISHER = Kluwer,
   YEAR = {2001}
}

@BOOK{book:SpecC:green,
   AUTHOR = "Daniel D. Gajski and Jianwen Zhu and Rainer D{\"o}mer and
             Andreas Gerstlauer and Shuqing Zhao",
   TITLE = "{SpecC}: Specification Language and Design Methodology",
   PUBLISHER = Kluwer,
   YEAR = {2000}
}

@BOOK{book:SystemC,
   AUTHOR = "Thorsten Gr{\"o}tker and Stan Liao and Grant Martin and Stuart Swan",
   TITLE = "System Design with {SystemC}",
   PUBLISHER = Kluwer,
   YEAR = {2002}
}


% Design environments

@BOOK{book:SpecSyn,
    AUTHOR = "Daniel D. Gajski and Frank Vahid and Sanjiv Narayan and Ji Gong",
    TITLE = "Specification and Design of Embedded Systems",
    PUBLISHER = Prentice,
    YEAR = {1994}
}

@BOOK{book:polis,
    AUTHOR = "Felice Balarin and Massimiliano Chiodo and Paolo Giusto and
              Harry Hsieh and Attila Jurecska and Luciano Lavagno and
              Claudio Passerone and Alberto Sangiovanni-Vincentelli and
              Ellen Sentovich and Kei Suzuki and Bassam Tabbara",
    TITLE = "Hardware-Software Co-Design of Embedded Systems: 
             The {POLIS} Approach",
    PUBLISHER = Kluwer,
    YEAR = {1997}
}



% --- Journal papers ---

% Design languages

% papers

@INPROCEEDINGS{paper:lang:SpecC:formal,
   AUTHOR = "Wolfgang Mueller and Rainer D{\"o}mer and Andreas Gerstlauer",
   TITLE  = "The Formal Execution Semantics of {SpecC}",
   BOOKTITLE = ISSS,
   ADDRESS = {Kyoto, Japan},
   MONTH = {October},
   YEAR = {2002}
}

@INPROCEEDINGS{paper:lang:SpecC,
   AUTHOR = "Jianwen Zhu and Rainer D{\"o}mer and Daniel D. Gajski",
   TITLE  = "Syntax and Semantics of the {SpecC} Language",
   BOOKTITLE = ISSS,
   ADDRESS = {Osaka, Japan},
   MONTH = {December},
   YEAR = {1997}
}

@MISC{latex:index,
	AUTHOR = "Wikibooks",
	TITLE  = "LaTeX/Indexing",
	HOWPUBLISHED = {\url{http://en.wikibooks.org/wiki/LaTeX/Indexing}}
}


%%% most important :-) 
@book {book:42,
	author = "Douglas Adams",
	title = "The Hitchhiker's Guide to the Galaxy",
	publisher = "Pan Books",
	year = 1979,
	month = oct,
}